@INPROCEEDINGS{Hicsonmez2013MethodsIT, 
    author={S. {Hiçsönmez} and E. {Uzun} and H. T. {Sencar}}, 
    booktitle={2013 1st International Conference on Communications, Signal Processing, and their Applications (ICCSPA)}, 
    title={Methods for identifying traces of compression in audio}, 
    year={2013}, 
    volume={}, 
    number={}, 
    pages={1-6}, 
    keywords={audio coding;decoding;audio traces identification;audio quality;single compressed audio;double compressed audio;compression codec identification;bit rate identification;decoded audio;coded audio;chaotic properties;MP3 encoded audio;Digital audio players;Codecs;Bit rate;Accuracy;Encoding;Distortion measurement;Speech}, 
    doi={10.1109/ICCSPA.2013.6487284}, 
    ISSN={}, 
    month={Feb},
}
@INPROCEEDINGS{Hicsonmez2011AudioCI, 
    author={S. {Hiçsönmez} and H. T. {Sencar} and I. {Avcibas}}, 
    booktitle={2011 IEEE International Workshop on Information Forensics and Security}, 
    title={Audio codec identification through payload sampling}, 
    year={2011}, 
    volume={}, 
    number={}, 
    pages={1-6}, 
    keywords={audio coding;chaos;identification;signal sampling;statistical analysis;audio codec identification;payload sampling;W0065;audio data decoding;chaotic characteristics;statistical model;encoding process;transcoded audio sample;Streaming media;GSM;Bit rate;Phase change materials;Telephony;Digital audio players;Robustness}, 
    doi={10.1109/WIFS.2011.6123128}, 
    ISSN={2157-4766}, 
    month={Nov},}
@INPROCEEDINGS{Hennequin2017CodecIL,
    title={Codec independent lossy audio compression detection},
    author={Romain Hennequin and Jimena Royo-Letelier and Manuel Moussallam},
    booktitle={2017 IEEE International Conference on Acoustics, Speech and Signal Processing (ICASSP)},
    year={2017},
    pages={726-730}
}
@INPROCEEDINGS{Kim2018LossyAC,
    title={Lossy Audio Compression Identification},
    author={Bongjun Kim},
    booktitle={2018 26th European Signal Processing Conference (EUSIPCO)},
    year={2018},
    pages={2459-2463}
}
@book{Bosi2002IntroductionDA,
    author = {Bosi, Marina and Goldberg, Richard E.},
    title = {Introduction to Digital Audio Coding and Standards},
    year = {2002},
    isbn = {1402073577},
    publisher = {Kluwer Academic Publishers},
    address = {Norwell, MA, USA},
} 
